%% This BibTeX bibliography file was created using BibDesk.
%% https://bibdesk.sourceforge.io/

%% Created for Baltazar Cortes at 2021-03-29 12:01:22 -0400 


%% Saved with string encoding Unicode (UTF-8) 

@techreport{world2014dengue,
  title={Dengue and severe dengue},
  author={World Health Organization and others},
  year={2014},
  institution={World Health Organization. Regional Office for the Eastern Mediterranean}
}

@article{elmojtaba2010mathematical,
  title={Mathematical analysis of the dynamics of visceral leishmaniasis in the Sudan},
  author={ELmojtaba, Ibrahim M and Mugisha, JYT and Hashim, Mohsin HA},
  journal={Applied Mathematics and Computation},
  volume={217},
  number={6},
  pages={2567--2578},
  year={2010},
  publisher={Elsevier}
}

@article{zhao2018modelling,
  title={Modelling the large-scale yellow fever outbreak in Luanda, Angola, and the impact of vaccination},
  author={Zhao, Shi and Stone, Lewi and Gao, Daozhou and He, Daihai},
  journal={PLoS neglected tropical diseases},
  volume={12},
  number={1},
  pages={e0006158},
  year={2018},
  publisher={Public Library of Science San Francisco, CA USA}
}

@article{santamaria2020possible,
  title={Possible fates of the spread of SARS-CoV-2 in the Mexican context},
  author={Santamar{\'\i}a-Holek, I and Casta{\~n}o, V},
  journal={Royal Society open science},
  volume={7},
  number={9},
  pages={200886},
  year={2020},
  publisher={The Royal Society}
}

@inproceedings{ilahi2018effectiveness,
  title={The effectiveness of vaccine in the outbreak of diphtheria: mathematical model and simulation},
  author={Ilahi, F and Widiana, A},
  booktitle={IOP Conference Series: Materials Science and Engineering},
  volume={434},
  number={1},
  pages={012006},
  year={2018},
  organization={IOP Publishing}
}

@article{gumel2012causes,
  title={Causes of backward bifurcations in some epidemiological models},
  author={Gumel, Abba B},
  journal={Journal of Mathematical Analysis and Applications},
  volume={395},
  number={1},
  pages={355--365},
  year={2012},
  publisher={Elsevier}
}


@article{erdem2017mathematical,
  title={Mathematical analysis of an SIQR influenza model with imperfect quarantine},
  author={Erdem, Mustafa and Safan, Muntaser and Castillo-Chavez, Carlos},
  journal={Bulletin of Mathematical Biology},
  volume={79},
  number={7},
  pages={1612--1636},
  year={2017},
  publisher={Springer}
}


@article{akinduko2018series,
	author = {Akinduko, Oluwaseun B and Ishola, CY and Afolabi, OA and Ganiyu, AB and others},
	date-added = {2021-03-29 12:01:02 -0400},
	date-modified = {2021-03-29 12:01:02 -0400},
	journal = {Malaysian Journal of Computing},
	number = {1},
	pages = {67--80},
	title = {Series Solution Of Typhoid Fever Model Using Differential Transform Method},
	volume = {3},
	year = {2018}}

@book{martcheva2015introduction,
	author = {Martcheva, Maia},
	date-added = {2021-03-29 11:58:28 -0400},
	date-modified = {2021-03-29 11:58:28 -0400},
	publisher = {Springer},
	title = {An introduction to mathematical epidemiology},
	volume = {61},
	year = {2015}}

@article{berhe2019parameter,
	author = {Berhe, Hailay Weldegiorgis and Makinde, Oluwole Daniel and Theuri, David Mwangi},
	date-added = {2021-02-24 19:32:59 -0500},
	date-modified = {2021-02-24 19:32:59 -0500},
	journal = {Journal of Applied Mathematics},
	publisher = {Hindawi},
	title = {Parameter estimation and sensitivity analysis of dysentery diarrhea epidemic model},
	volume = {2019},
	year = {2019}}

@article{peter2017mathematical,
	author = {Peter, OJ and Ibrahim, MO and Akinduko, OB and Rabiu, M},
	date-added = {2021-02-24 09:30:32 -0500},
	date-modified = {2021-02-24 09:30:32 -0500},
	journal = {IOSR Journal of Mathematics (IOSR-JM). e-ISSN},
	pages = {2278--5728},
	title = {Mathematical model for the control of typhoid fever},
	year = {2017}}

@article{eubank2020commentary,
	author = {Eubank, S and Eckstrand, I and Lewis, B and Venkatramanan, Srinivasan and Marathe, Madhav and Barrett, CL},
	date-added = {2021-02-11 09:57:49 -0500},
	date-modified = {2021-02-11 09:57:49 -0500},
	journal = {Bulletin of mathematical biology},
	number = {4},
	pages = {1--7},
	publisher = {Springer},
	title = {Commentary on Ferguson, et al.,``Impact of non-pharmaceutical interventions (NPIs) to reduce COVID-19 mortality and healthcare demand''},
	volume = {82},
	year = {2020}}

@article{almonte2020cost,
	author = {Almonte-Vega, Luis and Col{\'o}n-Vargas, Monica and Luna-Jarr{\'\i}n, Ligia and Martinez, Joel and Rodriguez-Rinc, Jordy and Murillo, Anarina L and Thakur, Mugdha and Espinoza, Baltazar and Patil, Rohan and Arriola, Leon and others},
	date-added = {2021-02-10 19:26:11 -0500},
	date-modified = {2021-02-10 19:26:11 -0500},
	journal = {Mathematical biosciences},
	pages = {108347},
	publisher = {Elsevier},
	title = {Cost analysis of treatment strategies for the control of HSV--2 infection in the US: A mathematical modeling-based case study},
	volume = {324},
	year = {2020}}

@article{era5,
	author = {Hersbach, H and Bell, B and Berrisford, P and Biavati, G and Hor{\'a}nyi, A and Mu{\~n}oz Sabater, J and Nicolas, J and Peubey, C and Radu, R and Rozum, I and others},
	date-added = {2021-02-10 14:14:40 -0500},
	date-modified = {2021-02-10 14:15:00 -0500},
	journal = {Copernicus Climate Change Service (C3S) Climate Data Store (CDS). Available online: https://cds. climate. copernicus. eu/cdsapp},
	title = {ERA5 hourly data on pressure levels from 1979 to present},
	year = {2018}}

@article{baker2020susceptible,
	author = {Baker, Rachel E and Yang, Wenchang and Vecchi, Gabriel A and Metcalf, C Jessica E and Grenfell, Bryan T},
	date-added = {2021-02-10 14:14:12 -0500},
	date-modified = {2021-02-10 14:14:12 -0500},
	journal = {Science},
	number = {6501},
	pages = {315--319},
	publisher = {American Association for the Advancement of Science},
	title = {Susceptible supply limits the role of climate in the early SARS-CoV-2 pandemic},
	volume = {369},
	year = {2020}}

@inproceedings{tessa2006mathematical,
	author = {Tessa, Ousmane Moussa},
	booktitle = {Proceedings of Mali Symposium on Applied Sciences},
	date-added = {2021-02-10 14:11:50 -0500},
	date-modified = {2021-02-10 14:11:50 -0500},
	pages = {31--36},
	title = {Mathematical model for control of measles by vaccination},
	volume = {2006},
	year = {2006}}

@book{brauer2019mathematical,
	author = {Brauer, Fred and Castillo-Chavez, Carlos and Feng, Zhilan},
	date-added = {2021-01-20 10:39:24 -0500},
	date-modified = {2021-01-20 10:39:24 -0500},
	publisher = {Springer},
	title = {Mathematical models in epidemiology},
	year = {2019}}

@book{espinoza2018consequences,
	author = {Espinoza, Baltazar Cortes},
	date-added = {2020-11-11 11:47:01 -0500},
	date-modified = {2020-11-11 11:47:01 -0500},
	publisher = {Arizona State University},
	title = {Consequences of Short Term Mobility Across Heterogeneous Risk Environments: The 2014 West African Ebola Outbreak},
	year = {2018}}

@article{espinoza2020mobility,
	author = {Espinoza, Baltazar and Castillo-Chavez, Carlos and Perrings, Charles},
	date-added = {2020-11-07 00:16:53 -0500},
	date-modified = {2020-11-07 00:16:53 -0500},
	journal = {Plos one},
	number = {7},
	pages = {e0235731},
	publisher = {Public Library of Science San Francisco, CA USA},
	title = {Mobility restrictions for the control of epidemics: When do they work?},
	volume = {15},
	year = {2020}}

@article{feng2000model,
	author = {Feng, Zhilan and Castillo-Chavez, Carlos and Capurro, Angel F},
	date-added = {2020-11-06 23:08:53 -0500},
	date-modified = {2020-11-06 23:08:53 -0500},
	journal = {Theoretical population biology},
	number = {3},
	pages = {235--247},
	publisher = {Elsevier},
	title = {A model for tuberculosis with exogenous reinfection},
	volume = {57},
	year = {2000}}

@article{bonyah2017theoretical,
	author = {Bonyah, Ebenezer and Khan, Muhammad Altaf and Okosun, KO and Islam, Saeed},
	date-added = {2020-11-06 22:27:53 -0500},
	date-modified = {2020-11-06 22:27:53 -0500},
	journal = {PloS one},
	number = {10},
	pages = {e0185540},
	publisher = {Public Library of Science San Francisco, CA USA},
	title = {A theoretical model for Zika virus transmission},
	volume = {12},
	year = {2017}}

@article{sun2017transmission,
	author = {Sun, Gui-Quan and Xie, Jun-Hui and Huang, Sheng-He and Jin, Zhen and Li, Ming-Tao and Liu, Liqun},
	date-added = {2020-11-06 21:47:05 -0500},
	date-modified = {2020-11-06 21:47:05 -0500},
	journal = {Communications in Nonlinear Science and Numerical Simulation},
	pages = {235--244},
	publisher = {Elsevier},
	title = {Transmission dynamics of cholera: Mathematical modeling and control strategies},
	volume = {45},
	year = {2017}}
