@misc{nosek2020best,
  title={The best time to argue about what a replication means? Before you do it},
  author={Nosek, Brian A and Errington, Timothy M},
  year={2020},
  publisher={Nature Publishing Group}
}

@article{kretzschmar2020disease,
  title={Disease modeling for public health: added value, challenges, and institutional constraints},
  author={Kretzschmar, Mirjam},
  journal={Journal of public health policy},
  volume={41},
  number={1},
  pages={39--51},
  year={2020},
  publisher={Springer}
}

@article{paixao2016history,
  title={History, epidemiology, and clinical manifestations of Zika: a systematic review},
  author={Paix{\~a}o, Enny S and Barreto, Florisneide and da Gl{\'o}ria Teixeira, Maria and da Concei{\c{c}}{\~a}o N. Costa, Maria and Rodrigues, Laura C},
  journal={American journal of public health},
  volume={106},
  number={4},
  pages={606--612},
  year={2016},
  publisher={American Public Health Association}
}